<record><leader>00000cas a22000007a 4500</leader><controlfield tag="001">18060909</controlfield><controlfield tag="008">880609d198u19uunmuwr ne      0    0eng d</controlfield><datafield ind1=" " ind2=" " tag="010"><subfield code="a">sn 93061576 </subfield></datafield><datafield ind1=" " ind2=" " tag="040"><subfield code="a">IQU</subfield><subfield code="b">eng</subfield><subfield code="c">IQU</subfield><subfield code="d">NVM</subfield><subfield code="d">OCLCQ</subfield></datafield><datafield ind1=" " ind2=" " tag="042"><subfield code="a">msc</subfield></datafield><datafield ind1=" " ind2=" " tag="043"><subfield code="a">n-us-nm</subfield></datafield><datafield ind1=" " ind2=" " tag="090"><subfield code="a">AN2</subfield><subfield code="b">.M68</subfield></datafield><datafield ind1="0" ind2="4" tag="245"><subfield code="a">The Mountain observer.</subfield></datafield><datafield ind1=" " ind2=" " tag="260"><subfield code="a">Cedar Crest, N.M. :</subfield><subfield code="b">Syntax Pub.</subfield></datafield><datafield ind1=" " ind2=" " tag="300"><subfield code="a">v.</subfield></datafield><datafield ind1=" " ind2=" " tag="310"><subfield code="a">Weekly</subfield></datafield><datafield ind1=" " ind2=" " tag="588"><subfield code="a">Description based on: Vol. 2, no. 1 (Jan. 15, 1988).</subfield></datafield><datafield ind1=" " ind2="4" tag="651"><subfield code="a">Cedar Crest (N.M.)</subfield><subfield code="v">Newspapers.</subfield></datafield><datafield ind1=" " ind2="4" tag="651"><subfield code="a">Bernalillo County (N.M.)</subfield><subfield code="v">Newspapers.</subfield></datafield><datafield ind1=" " ind2=" " tag="752"><subfield code="a">United States</subfield><subfield code="b">New Mexico</subfield><subfield code="c">Bernalillo</subfield><subfield code="d">Cedar Crest.</subfield></datafield><datafield ind1="1" ind2=" " tag="029"><subfield code="a">AU@</subfield><subfield code="b">000020724294</subfield></datafield></record>